% This file was created with JabRef 2.9.2.
% Encoding: Cp1252


@inproceedings{rigaud2011drum,
  title={Drum extraction from polyphonic music based on a spectro-temporal model of percussive sounds},
  author={F. Rigaud and M. Lagrange and A. R{\"o}bel and G. Peeters},
  booktitle={Proc of IEEE ICASSP},
  pages={381--384},
  year={2011}
}


@article{wudrum2016,
  title={ON DRUM PLAYING TECHNIQUE DETECTION IN POLYPHONIC MIXTURES},
  author={C. Wu and A. Lerch},
  booktitle = {Proc. of ISMIR},
  year = {2016}
}


@INPROCEEDINGS{rigaudISMIR2016,
  author = {F. Rigaud and M. Radenen},
  title = {SINGING VOICE MELODY TRANSCRIPTION USING DEEP NEURAL NETWORKS},
  booktitle = {Proc. of ISMIR},
  year = {2016}
}



@INPROCEEDINGS{SiSec10,
  author = {S. Araki and A. Ozerov and V. Gowreesunker and H. Sawada and F. Theis
	and G. Nolte and D. Lutter and N. Duong},
  title = {The 2010 signal Separation evaluation campaign : audio source separation},
  booktitle = {Proc. of LVA/ICA},
  year = {2010},
  pages = {114-122}
}

@ARTICLE{dblp,
  author = {P. Balazs and M. Dorfler and M. Kowalski and B. Torr\'esani, Bruno},
  title = {Adapted and Adaptive Linear Time-Frequency Representations: A Synthesis
	Point of View.},
  journal = {Signal Processing Magazine},
  year = {2013},
  volume = {30},
  pages = {20-31},
  number = {6}
}

@ARTICLE{baseISTA,
  author = {A. Beck and M. Teboulle},
  title = {Gradient-Based Algorithms with Applications to Signal Recovery Problems},
  journal = {Convex Optimization in Signal Processing and Communications},
  year = {2009}
}

@INPROCEEDINGS{NB:ICASSP-07,
  author = {N. {Bertin} and R. {Badeau} and G. {Richard}},
  title = {Blind signal decompositions for automatic transcription of polyphonic
	music: {NMF} and {K-SVD} on the benchmark},
  booktitle = {Proc. of IEEE ICASSP},
  year = {2007},
  volume = {1},
  pages = {65-68}
}

@INPROCEEDINGS{Bertin07,
  author = {N. Bertin and R.Badeau and G.Richard},
  title = {Blind Signal Decompositions for Automatic Transcription of Polyphonic
	Music: NMF and K-SVD on the Benchmark.},
  booktitle = {Proc. of IEEE ICASSP},
  year = {2007},
  pages = {65-68}
}

@INPROCEEDINGS{bittner2014medleydb,
  author = {R. Bittner and J. Salamon and M. Tierney and M. Mauch and C. Cannam
	and J. Bello},
  title = {MedleyDB: A Multitrack Dataset for Annotation-Intensive MIR Research},
  booktitle = {Proc. of ISMIR},
  year = {2014}
}

@ARTICLE{canadas2014percussive,
  author = {F. Canadas-Quesada and P. Vera-Candeas and N. Ruiz-Reyes and J. Carabias-Orti
	and P. Cabanas-Molero},
  title = {Percussive/harmonic sound separation by non-negative matrix factorization
	with smoothness/sparseness constraints},
  journal = {EURASIP Journal on Audio, Speech, and Music Processing},
  year = {2014},
  volume = {2014},
  pages = {1-17},
  number = {1},
  publisher = {Springer}
}

@INPROCEEDINGS{choi,
  author = {S. Choi},
  title = {Algorithms for orthogonal nonnegative matrix factorization},
  booktitle = {Proc. of IEEE IJCNN},
  year = {2008},
  pages = {1828-1832}
}

@BOOK{cichocki2009nonnegative,
  title = {Nonnegative matrix and tensor factorizations: applications to exploratory
	multi-way data analysis and blind source separation},
  publisher = {John Wiley \& Sons},
  year = {2009},
  author = {Cichocki, Andrzej and Zdunek, Rafal and Phan, Anh Huy and Amari,
	Shun-ichi}
}

@INCOLLECTION{daudet2006review,
  author = {L. Daudet},
  title = {A review on techniques for the extraction of transients in musical
	signals},
  booktitle = {Computer Music Modeling and Retrieval},
  publisher = {Springer},
  year = {2006},
  pages = {219--232}
}

@INPROCEEDINGS{DriedgerMueller14_TSMToolbox_DAFX,
  author = {Jonathan Driedger and Meinard M{\"u}ller},
  title = {TSM Toolbox: MATLAB Implementations of Time-Scale Modification Algorithms},
  booktitle = {Proc. of DAFx},
  year = {2014},
  pages = {249-256}
}

@ARTICLE{DurrieuDR11,
  author = {JL. Durrieu and B.David and G.Richard},
  title = {A Musically Motivated Mid-Level Representation for Pitch Estimation
	and Musical Audio Source Separation.},
  journal = {Journal of Selected Topics in Signal Processing},
  year = {2011},
  volume = {5},
  pages = {1180-1191},
  number = {6},
  added-at = {2011-10-14T00:00:00.000+0200},
  bdsk-url-1 = {http://dblp.uni-trier.de/db/journals/jstsp/jstsp5.html#DurrieuDR11},
  biburl = {http://www.bibsonomy.org/bibtex/2a11be20e5b25369a3d0e70c7dd683739/dblp},
  ee = {http://dx.doi.org/10.1109/JSTSP.2011.2158801},
  interhash = {a4e2117c96d3c405c407b11f085b1f76},
  intrahash = {a11be20e5b25369a3d0e70c7dd683739},
  keywords = {dblp},
  timestamp = {2011-10-14T00:00:00.000+0200},
  url = {http://dblp.uni-trier.de/db/journals/jstsp/jstsp5.html#DurrieuDR11}
}

@INPROCEEDINGS{DurrieuRD08,
  author = {JL. Durrieu and G.Richard and B.David},
  title = {Singer melody extraction in polyphonic signals using source separation
	methods.},
  booktitle = {Proc. of IEEE ICASSP},
  year = {2008},
  pages = {169-172}
}

@ARTICLE{JLD:TASLP10,
  author = {J. Durrieu and G. Richard and B. David and C. F{\'e}votte},
  title = {Source/filter model for unsupervised main melody extraction from
	polyphonic audio signals},
  journal = {IEEE Transactions on Audio, Speech, Language Process.},
  year = {2010},
  volume = {18},
  pages = {564-575},
  number = {3}
}

@ARTICLE{vincent2010adaptive,
  author = {E.Vincent and N.Bertin and R.Badeau},
  title = {Adaptive harmonic spectral decomposition for multiple pitch estimation},
  journal = {IEEE Transactions on Audio, Speech, and Language Processing.},
  year = {2010},
  volume = {18},
  pages = {528-537},
  number = {3}
}

@ARTICLE{ellis2007beat,
  author = {Ellis, Daniel PW},
  title = {Beat tracking by dynamic programming},
  journal = {Journal of New Music Research},
  year = {2007},
  volume = {36},
  pages = {51-60},
  number = {1},
  publisher = {Taylor \& Francis}
}

@INPROCEEDINGS{eronen2000musical,
  author = {A. Eronen and A. Klapuri},
  title = {Musical instrument recognition using cepstral coefficients and temporal
	features},
  booktitle = {Proc. of IEEE ICASSP},
  year = {2000},
  volume = {2},
  pages = {II753--II756}
}

@ARTICLE{EwertM12,
  author = {S. Ewert and M. M{\"u}ller},
  title = {Score-Informed Source Separation for Music Signals},
  journal = {Multimodal music processing},
  year = {2012},
  volume = {3},
  pages = {73-94},
  publisher = {Citeseer}
}

@ARTICLE{fevotte2009nonnegative,
  author = {C. F{\'e}votte and N. Bertin and JL.Durrieu},
  title = {Nonnegative matrix factorization with the Itakura-Saito divergence:
	With application to music analysis},
  journal = {Neural Computation},
  year = {2009},
  volume = {21},
  pages = {793-830},
  number = {3},
  publisher = {MIT Press}
}

@ARTICLE{betanmf,
  author = {C.~F\'evotte and J.~Idier},
  title = {Algorithms for nonnegative matrix factorization with the beta-divergence},
  journal = {Neural Computation},
  year = {2011},
  volume = {23},
  pages = {2421-2456},
  number = {9},
  month = {Sep.},
  bdsk-url-1 = {http://www.unice.fr/cfevotte/publications/journals/neco11.pdf},
  bdsk-url-2 = {http://dx.doi.org/10.1162/NECO_a_00168},
  doi = {http://dx.doi.org/10.1162/NECO_a_00168},
  url = {http://www.unice.fr/cfevotte/publications/journals/neco11.pdf}
}

@INPROCEEDINGS{fitzgerald2010harmonic,
  author = {D. Fitzgerald},
  title = {Harmonic/percussive separation using median filtering},
  booktitle = {Proc. of DAFx},
  year = {2010},
  date-modified = {2015-02-09 17:25:22 +0000}
}

@INPROCEEDINGS{fritsch2013score,
  author = {Fritsch, Joerg and Plumbley, Mark D},
  title = {Score informed audio source separation using constrained nonnegative
	matrix factorization and score synthesis},
  booktitle = {IEEE Proc. of ICASSP},
  year = {2013},
  pages = {888-891}
}

@ARTICLE{OG:TSALP-08,
  author = {O. {Gillet} and G. {Richard}},
  title = {Transcription and Separation of Drum Signals from Polyphonic Music},
  journal = {IEEE Transactions on Audio, Speech and Language Processing},
  year = {2008},
  volume = {16},
  pages = {529-540},
  number = {3}
}

@ARTICLE{gray1980distortion,
  author = {Gray, Robert M and Buzo, Andres and Gray Jr, Augustine H and Matsuyama,
	Yasuo},
  title = {Distortion measures for speech processing},
  journal = {Transactions on Acoustics, Speech and Signal Processing.},
  year = {1980},
  volume = {28},
  pages = {367-376},
  number = {4},
  publisher = {IEEE}
}

@INPROCEEDINGS{HennequinDAFx2010,
  author = {R. Hennequin and R. Badeau and B. David},
  title = {TIME-DEPENDENT PARAMETRIC AND HARMONIC TEMPLATES IN NON-NEGATIVE
	MATRIX FACTORIZATION},
  booktitle = {Proc. of DAFx},
  year = {2010},
  pages = {246-253},
  date-modified = {2015-02-09 16:03:29 +0000}
}

@INPROCEEDINGS{hennequin2011score,
  author = {Hennequin, Romain and David, Bertrand and Badeau, Roland},
  title = {Score informed audio source separation using a parametric model of
	non-negative spectrogram},
  booktitle = {Proc. of IEEE ICASSP},
  year = {2011}
}

@ARTICLE{hsu2012tandem,
  author = {Hsu, Chao-Ling and Wang, DeLiang and Jang, Jyh-Shing Roger and Hu,
	Ke},
  title = {A tandem algorithm for singing pitch extraction and voice separation
	from music accompaniment},
  journal = {Transactions on Audio, Speech, and Language Processing.},
  year = {2012},
  volume = {20},
  pages = {1482-1491},
  number = {5},
  publisher = {IEEE}
}

@INPROCEEDINGS{jaureguiberry2011adaptation,
  author = {Jaureguiberry, Xabier and Leveau, Pierre and Maller, Simon and Burred,
	Juan Jos{\'e}},
  title = {Adaptation of source-specific dictionaries in non-negative matrix
	factorization for source separation},
  booktitle = {Proc. of IEEE ICASSP},
  year = {2011},
  pages = {5-8}
}

@ARTICLE{kim2011nonnegative,
  author = {Kim, Minje and Yoo, Jiho and Kang, Kyeongok and Choi, Seungjin},
  title = {Nonnegative matrix partial co-factorization for spectral and temporal
	drum source separation},
  journal = {Journal of Selected Topics in Signal Processing},
  year = {2011},
  volume = {5},
  pages = {1192-1204},
  number = {6},
  publisher = {IEEE}
}

@ARTICLE{klapuri2008multipitch,
  author = {Klapuri, Anssi},
  title = {Multipitch analysis of polyphonic music and speech signals using
	an auditory model},
  journal = {IEEE Transactions on Audio, Speech, and Language Processing.},
  year = {2008},
  volume = {16},
  pages = {255-266},
  number = {2},
  publisher = {IEEE}
}

@INPROCEEDINGS{laroche2015structured,
  author = {C. Laroche and M. Kowalski and H. Papadopoulos and G. Richard},
  title = {A structured nonnegative matrix factorization for source separation},
  booktitle = {Proc. of EUSIPCO},
  year = {2015}
}

@ARTICLE{Lee01algorithmsfor,
  author = {D. Lee and S. Seung},
  title = {Algorithms for Non-negative Matrix Factorization},
  journal = {Proc. of NIPS},
  year = {2001},
  pages = {556-562},
  booktitle = {Neural Information Processing Systems},
  publisher = {MIT Press}
}

@ARTICLE{lee99,
  author = {D. Lee and S. Seung},
  title = {Learning the parts of objects by nonnegative matrix factorization},
  journal = {Nature},
  year = {1999},
  volume = {401},
  pages = {788-791},
  added-at = {2009-09-09T09:12:51.000+0200},
  biburl = {http://www.bibsonomy.org/bibtex/2ba1100135fbba9782a6052b95e6f9b05/folke},
  interhash = {b293699f3a0541bd6fb1b10d7f9410ac},
  intrahash = {ba1100135fbba9782a6052b95e6f9b05},
  key = {Lee and Seung},
  keywords = {clustering factorization matrix multi toread view},
  timestamp = {2009-09-09T09:12:51.000+0200}
}

@INPROCEEDINGS{liutkus:hal-01110028,
  author = {A. Liutkus and R. Badeau},
  title = {{Generalized Wiener filtering with fractional power spectrograms}},
  booktitle = {{Proc. of IEEE ICASSP}},
  year = {2015}
}

@INPROCEEDINGS{gillet2006enst,
  author = {O.Gillet and G.Richard},
  title = {ENST-Drums: an extensive audio-visual database for drum signals processing.},
  booktitle = {Proc. of ISMIR},
  year = {2006},
  pages = {156-159}
}

@INPROCEEDINGS{ono2008separation,
  author = {N. Ono and K. Miyamoto and J. Le Roux and H. Kameoka and S. Sagayama},
  title = {Separation of a monaural audio signal into harmonic/percussive components
	by complementary diffusion on spectrogram},
  booktitle = {Proc. of EUSIPCO},
  year = {2008}
}

@INPROCEEDINGS{paulus2005drum,
  author = {Paulus, Jouni and Virtanen, Tuomas},
  title = {Drum transcription with non-negative spectrogram factorisation},
  booktitle = {Proc. of EUSIPCO},
  year = {2005},
  pages = {1-4}
}

@INPROCEEDINGS{peeters2003automatic,
  author = {G. Peeters},
  title = {Automatic classification of large musical instrument databases using
	hierarchical classifiers with inertia ratio maximization},
  booktitle = {Audio Engineering Society Convention 115},
  year = {2003},
  organization = {Audio Engineering Society}
}

@INPROCEEDINGS{peeters2003hierarchical,
  author = {Peeters, Geoffroy and Rodet, Xavier},
  title = {Hierarchical gaussian tree with inertia ratio maximization for the
	classification of large musical instruments databases},
  booktitle = {Proc. of DAFx},
  year = {2003},
  organization = {Citeseer}
}

@ARTICLE{pompili2014,
  author = {F. Pompili and N. Gillis and P-A. Absil and F. Glineur},
  title = {Two algorithms for orthogonal nonnegative matrix factorization with
	application to clustering},
  journal = {Neurocomputing},
  year = {2014},
  volume = {141},
  pages = {15-25},
  publisher = {Elsevier}
}

@ARTICLE{ONMF,
  author = {F. Pompili and N. Gillis and P-A. Absil and F. Glineur},
  title = {{ONP-MF} : An Orthogonal Nonnegative Matrix Factorisation Algorithm
	with Applications to Clustering},
  journal = {ESANN},
  year = {2013},
  owner = {laroche},
  timestamp = {2014.07.03}
}

@INPROCEEDINGS{raczynski2007multipitch,
  author = {Raczy{\'n}ski, Stanis{\l}aw A and Ono, Nobutaka and Sagayama, Shigeki},
  title = {Multipitch analysis with harmonic nonnegative matrix approximation},
  booktitle = {Proc. of ISMIR},
  year = {2007}
}

@ARTICLE{Richman74,
  author = {D. Richman and H. Schneider},
  title = {Primes in the semigroup of non-negative matrices},
  journal = {Linear and multilinear algebra},
  year = {1974},
  volume = {2},
  pages = {135-140}
}

@INPROCEEDINGS{ewert2012using,
  author = {S.Ewert and M.M{\"u}ller},
  title = {Using score-informed constraints for NMF-based source separation},
  booktitle = {Proc. of IEEE ICASSP.},
  year = {2012},
  pages = {129-132}
}

@ARTICLE{salamon2012melody,
  author = {Salamon, Justin and G{\'o}mez, Emilia},
  title = {Melody extraction from polyphonic music signals using pitch contour
	characteristics},
  journal = {Transactions on Audio, Speech, and Language Processing.},
  year = {2012},
  volume = {20},
  pages = {1759-1770},
  number = {6},
  publisher = {IEEE}
}

@INPROCEEDINGS{icassp14b,
  author = {N.~Seichepine and S.~Essid and C.~F{\'e}votte and O.~Capp{\'e}},
  title = {Piecewise constant nonnegative matrix factorization},
  booktitle = {IEEE Proc. of ICASSP},
  year = {2014},
  address = {Florence, Italy},
  month = {May},
  bdsk-url-1 = {http://www.unice.fr/cfevotte/publications/proceedings/icassp14b.pdf},
  url = {http://www.unice.fr/cfevotte/publications/proceedings/icassp14b.pdf}
}

@ARTICLE{SCoNMF,
  author = {N. Seichepine and S.Essid and C. Fevotte, O. Capp\'e},
  title = {Soft Nonnegative Matrix Co-Factorization with Application to Multimodal
	Speaker Diarization},
  journal = {Proc. of IEEE ICASSP},
  year = {2013}
}

@INPROCEEDINGS{Smaragdis03,
  author = {P. Smaragdis and JC. Brown},
  title = {Non-Negative Matrix Factorization for Polyphonic Music Transcription},
  booktitle = {Workshop on Applications of Signal Processing to Audio and Acoustics},
  year = {2003},
  pages = {177-180}
}

@ARTICLE{BP,
  author = {SS. Chen, DL. Donoho, MA. Saunders},
  title = {Atomic Decomposition by Basis Pursuit},
  journal = {SIAM journal on scientific computing},
  year = {2001},
  date-added = {2014-06-26 08:54:58 +0000},
  date-modified = {2014-06-26 08:57:17 +0000}
}

@ARTICLE{Tachibana:2014:HSS:2719949.2719982,
  author = {H. Tachibana and N. Ono and H. Kameoka and S. Sagayama},
  title = {Harmonic/Percussive Sound Separation Based on Anisotropic Smoothness
	of Spectrograms},
  journal = {IEEE Transactions on Audio, Speech, and Language Processing.},
  year = {2014},
  volume = {22},
  pages = {2059--2073},
  number = {12}
}

@ARTICLE{Tseng10,
  author = {P. Tseng},
  title = {Approximation accuracy, gradient methods, and error bound for structured
	convex optimization},
  journal = {Mathematical Programming},
  year = {2010},
  volume = {125},
  pages = {263-295},
  number = {2},
  bdsk-url-1 = {http://dx.doi.org/10.1007/s10107-010-0394-2},
  bibsource = {dblp computer science bibliography, http://dblp.org},
  biburl = {http://dblp.uni-trier.de/rec/bib/journals/mp/Tseng10},
  doi = {10.1007/s10107-010-0394-2},
  timestamp = {Wed, 10 Sep 2014 11:08:58 +0200},
  url = {http://dx.doi.org/10.1007/s10107-010-0394-2}
}

@ARTICLE{bsseval,
  author = {E. Vincent and R. Gribonval and C. F\'{e}votte},
  title = {Performance measurement in blind audio source separation},
  journal = {IEEE Transactions on Audio, Speech, Language Process.},
  year = {2006},
  volume = {14},
  pages = {1462-1469}
}

@ARTICLE{Vincent2006,
  author = {E. Vincent and R. Gribonval and C. F\'{e}votte},
  title = {Performance measurement in blind audio source separation},
  journal = {IEEE Transactions on Audio, Speech, Language Process.},
  year = {2006},
  volume = {14},
  pages = {1462-1469}
}

@ARTICLE{Virtanen,
  author = {T. Virtanen},
  title = {Monaural Sound Source Separation by Nonnegative Matrix Factorization
	With Temporal Continuity and Sparseness Criteria},
  journal = {IEEE Transactions on Audio, Speech, Language Processing.},
  year = {2007},
  volume = {15},
  pages = {1066-1074},
  number = {3},
  acmid = {2210082},
  address = {Piscataway, NJ, USA},
  bdsk-url-1 = {http://dx.doi.org/10.1109/TASL.2006.885253},
  doi = {10.1109/TASL.2006.885253},
  issn = {1558-7916},
  issue_date = {March 2007},
  keywords = {Acoustic signal analysis, audio source separation, blind source separation,
	music, nonnegative matrix factorization, sparse coding, unsupervised
	learning},
  numpages = {9},
  publisher = {IEEE}
}

@INPROCEEDINGS{Doccluster,
  author = {X. Wei and L. Xin and G. Yihong},
  title = {Document clustering based on non-negative matrix factorization.},
  booktitle = {Special Interest Group on Information Retrieval},
  year = {2003},
  pages = {267-273},
  added-at = {2006-09-29T11:57:15.000+0200},
  bdsk-url-1 = {http://dblp.uni-trier.de/db/conf/sigir/sigir2003.html#XuLG03},
  biburl = {http://www.bibsonomy.org/bibtex/2d1c6f4bdc7ed10778a573dcc395074d9/grahl},
  description = {dblp},
  ee = {http://doi.acm.org/10.1145/860485},
  interhash = {27211261d57f136a1116f2f58266fae7},
  intrahash = {d1c6f4bdc7ed10778a573dcc395074d9},
  keywords = {clustering text toread nmf},
  timestamp = {2006-09-29T11:57:15.000+0200},
  url = {http://dblp.uni-trier.de/db/conf/sigir/sigir2003.html#XuLG03}
}

@PHDTHESIS{optmcvx,
  author = {Pierre Weiss},
  title = {Algorithmes rapides d'optimisation convexe. Applications {\`a} la
	restauration d'images et {\`a} la d{\'e}tection de changements},
  school = {Universit{\'e} de Nice - Sophia Antipolis},
  year = {2008},
  date-added = {2014-06-26 08:33:47 +0000},
  date-modified = {2014-06-26 08:35:55 +0000}
}

@BOOK{wiener1949,
  title = {Extrapolation, interpolation, and smoothing of stationary time series},
  publisher = {MIT press Cambridge, MA},
  year = {1949},
  author = {Wiener, Norbert},
  volume = {2}
}

@INPROCEEDINGS{wudrum,
  author = {Wu, Chih-Wei and Lerch, Alexander},
  title = {DRUM TRANSCRIPTION USING PARTIALLY FIXED NON-NEGATIVE MATRIX FACTORIZATION},
  booktitle = {Proc. of EUSIPCO},
  year = {2008}
}

@ARTICLE{OnmfYL,
  author = {Z. Yang and J. Laaksonen},
  title = {Multiplicative Updates for Non-negative Projections},
  journal = {Neurocomputing},
  year = {2007},
  volume = {71},
  pages = {363-373},
  number = {1-3},
  month = dec,
  acmid = {1314938},
  address = {Amsterdam, The Netherlands, The Netherlands},
  bdsk-url-1 = {http://dx.doi.org/10.1016/j.neucom.2006.11.023},
  doi = {10.1016/j.neucom.2006.11.023},
  issn = {0925-2312},
  issue_date = {December, 2007},
  keywords = {Hebbian learning, Matrix factorization, Multiplicative update, Non-negative
	projection, Oja's rule},
  numpages = {11},
  publisher = {Elsevier Science Publishers B. V.},
  url = {http://dx.doi.org/10.1016/j.neucom.2006.11.023}
}

@ARTICLE{YangOja10,
  author = {Z. Yang and E. Oja},
  title = {Linear and nonlinear projective nonnegative matrix factorization},
  journal = {IEEE Transactions on Neural Network.},
  year = {2010},
  volume = {21},
  pages = {734-749},
  number = {5},
  publisher = {IEEE}
}

@ARTICLE{yuanOja2005,
  author = {Z. Yuan and E. Oja},
  title = {Projective Nonnegative Matrix Factorization for Image Compression
	and Feature Extraction},
  journal = {Image Analysis},
  year = {2005},
  pages = {333-342},
  publisher = {Springer}
}

@ARTICLE{l1-l2Norm,
  author = {M. Zibulevky and M. Elad},
  title = {L1-l2 optimization in signal processing},
  journal = {IEEE Signal Processing magazine},
  year = {2010},
  volume = {27},
  pages = {76-88},
  number = {3},
  date-added = {2014-06-24 15:03:16 +0000},
  date-modified = {2014-06-24 15:05:28 +0000}
}

